@InProceedings{SCAANN2017,
    author="Alsulami, Bander
    and Dauber, Edwin
    and Harang, Richard
    and Mancoridis, Spiros
    and Greenstadt, Rachel",
    title="Source Code Authorship Attribution Using Long Short-Term Memory Based Networks",
    booktitle="Computer Security -- ESORICS 2017",
    year="2017",
    publisher="Springer International Publishing",
    pages="65--82"
}

@InProceedings{ABEC2014,
    author="Tennyson, Matthew F.
    and Mitropoulos, Francisco J.",
    editor="Traina, Agma Juci Machado
    and Traina, Caetano
    and Cordeiro, Robson Leonardo Ferreira",
    title="A Bayesian Ensemble Classifier for Source Code Authorship Attribution",
    booktitle="Similarity Search and Applications",
    year="2014",
    publisher="Springer International Publishing",
    pages="265--276"
}

@INPROCEEDINGS{CAPSCAP2014, 
    author={M. F. Tennyson and F. J. Mitropoulos}, 
    booktitle={IEEE SOUTHEASTCON 2014}, 
    title={Choosing a profile length in the SCAP method of source code authorship attribution}, 
    year={2014}, 
    pages={1-6}, 
    month={March},
}

@CONFERENCE{SCANG2007,
    author={Burrows, S. and Tahaghoghi, S.M.M.},
    title={Source code authorship attribution using n-grams},
    journal={ADCS 2007 - Proceedings of the Twelfth Australasian Document Computing Symposium},
    year={2007},
    pages={32-39},
    document_type={Article},
    source={Scopus},
}

@article{EJPFSAI2004,
 author = {Ding, Haibiao and Samadzadeh, Mansur H.},
 title = {Extraction of Java Program Fingerprints for Software Authorship Identification},
 journal = {J. Syst. Softw.},
 issue_date = {June 2004},
 volume = {72},
 number = {1},
 month = jun,
 year = {2004},
 issn = {0164-1212},
 pages = {49--57},
 numpages = {9},
 publisher = {Elsevier Science Inc.},
} 

@inproceedings{UCMHGAAI2007,
 author = {Lange, Robert Charles and Mancoridis, Spiros},
 title = {Using Code Metric Histograms and Genetic Algorithms to Perform Author Identification for Software Forensics},
 booktitle = {Proceedings of the 9th Annual Conference on Genetic and Evolutionary Computation},
 series = {GECCO '07},
 year = {2007},
 location = {London, England},
 pages = {2082--2089},
 numpages = {8},
 publisher = {ACM},
} 


@INPROCEEDINGS{APASCAI2007, 
    author={J. Kothari and M. Shevertalov and E. Stehle and S. Mancoridis}, 
    booktitle={Information Technology, 2007. ITNG '07. Fourth International Conference on}, 
    title={A Probabilistic Approach to Source Code Authorship Identification}, 
    year={2007}, 
    pages={243-248}, 
    month={April}
}

@article{ESHPFSCAC2008,
 author = {Frantzeskou, Georgia and MacDonell, Stephen and Stamatatos, Efstathios and Gritzalis, Stefanos},
 title = {Examining the Significance of High-level Programming Features in Source Code Author Classification},
 journal = {J. Syst. Softw.},
 issue_date = {March, 2008},
 volume = {81},
 number = {3},
 year = {2008},
 issn = {0164-1212},
 pages = {447--460},
 numpages = {14},
 publisher = {Elsevier Science Inc.}
} 

@article{TSUDIJSCAI2011,
    author = {Frantzeskou, Georgia and MacDonell, Stephen and Stamatatos, Efstathios and Georgiou, Stelios and Gritzalis, Stefanos},
    year = {2011},
    month = {03},
    pages = {139-148},
    title = {The significance of user-defined identifiers in Java source code authorship identification},
    volume = {26},
    booktitle = {International Journal of Computer Systems Science and Engineering}
}


@inproceedings{AIRTSCAA2009,
 author = {Burrows, Steven and Uitdenbogerd, Alexandra L. and Turpin, Andrew},
 title = {Application of Information Retrieval Techniques for Source Code Authorship Attribution},
 booktitle = {Proceedings of the 14th International Conference on Database Systems for Advanced Applications},
 series = {DASFAA '09},
 year = {2009},
 pages = {699--713},
 numpages = {15},
 publisher = {Springer-Verlag},
 address = {Berlin, Heidelberg},
} 

@inproceedings{DNNSCAI2013,
 author = {Bandara, Upul and Wijayarathna, Gamini},
 title = {Deep Neural Networks for Source Code Author Identification},
 booktitle = {Proceedings, Part II, of the 20th International Conference on Neural Information Processing - Volume 8227},
 series = {ICONIP 2013},
 year = {2013},
 location = {Daegu, Korea},
 pages = {368--375},
 numpages = {8},
 publisher = {Springer-Verlag New York, Inc.}
} 

@article{SCAIUFL2013,
 author = {Bandara, Upul and Wijayarathna, Gamini},
 title = {Source Code Author Identification with Unsupervised Feature Learning},
 journal = {Pattern Recogn. Lett.},
 issue_date = {February, 2013},
 volume = {34},
 number = {3},
 month = feb,
 year = {2013},
 issn = {0167-8655},
 pages = {330--334},
 numpages = {5},
 publisher = {Elsevier Science Inc.}
} 

@article{SDNAIJSP2015,
    title = "Scripting DNA: Identifying the JavaScript programmer",
    journal = "Digital Investigation",
    volume = "15",
    pages = "61 - 71",
    year = "2015",
    note = "Special Issue: Big Data and Intelligent Data Analysis",
    author = "Wilco Wisse and Cor Veenman",
}

@InProceedings{AISC2017,
    author="Zhang, Chunxia
    and Wang, Sen
    and Wu, Jiayu
    and Niu, Zhendong",
    title="Authorship Identification of Source Codes",
    booktitle="Web and Big Data",
    year="2017",
    publisher="Springer International Publishing",
    pages="282--296"
}


@ARTICLE{RA:AE2010,
    author={Hayes, J.H. and Offutt, J.},
    title={Recognizing authors: An examination of the consistent programmer hypothesis},
    journal={Software Testing Verification and Reliability},
    year={2010},
    volume={20},
    number={4},
    pages={329-356},
    document_type={Article},
    source={Scopus},
}

@INPROCEEDINGS{LICD2010, 
    author={R. Brixtel and M. Fontaine and B. Lesner and C. Bazin and R. Robbes}, 
    booktitle={2010 10th IEEE Working Conference on Source Code Analysis and Manipulation}, 
    title={Language-Independent Clone Detection Applied to Plagiarism Detection}, 
    year={2010}, 
    pages={77-86}, 
    month={Sept},
}

@InProceedings{TBCFPD2012,
    author="Ng, Sin-Chun
    and Lui, Andrew Kwok-Fai
    and Wong, Lai-Shan",
    title="Tree-Based Comparison for Plagiarism Detection and Automatic Marking of Programming Assignments",
    booktitle="Engaging Learners Through Emerging Technologies",
    year="2012",
    publisher="Springer Berlin Heidelberg",
    address="Berlin, Heidelberg",
    pages="165--179"
}

@inproceedings{OTIOLSS2015,
 author = {Ram\'{\i}rez-de-la-Cruz, Aar\'{o}n and Ram\'{\i}rez-de-la-Rosa, Gabriela and S\'{a}nchez-S\'{a}nchez, Christian and Jim{\'e}nez-Salazar, H{\'e}ctor},
 title = {On the Importance of Lexicon, Structure and Style for Identifying Source Code Plagiarism},
 booktitle = {Proceedings of the Forum for Information Retrieval Evaluation},
 series = {FIRE '14},
 year = {2015},
 pages = {31--38},
 numpages = {8},
 publisher = {ACM}
} 

@ARTICLE{PACASCD2005, 
    author={L. Moussiades and A. Vakali}, 
    journal={The Computer Journal}, 
    title={PDetect: A Clustering Approach for Detecting Plagiarism in Source Code Datasets}, 
    year={2005}, 
    volume={48}, 
    number={6}, 
    pages={651-661},
    month={Nov}
}

@inproceedings{Heblikar2015NormalizationBS,
  title={Normalization based Stop-Word approach to Source Code Plagiarism Detection},
  author={Saimadhav Heblikar and Poorva Sharma and Manogna Munnangi and Channa Bankapur},
  booktitle={FIRE Workshops},
  year={2015}
}

@article{USCR2014,
    author = {Flores, Enrique and Barrón‐Cedeño, Alberto and Moreno, Lidia and Rosso, Paolo},
    year = {2014},
    month = {08},
    title = {Uncovering Source Code Reuse in Large-Scale Academic Environments},
    volume = {23},
    booktitle = {Computer Applications in Engineering Education}
}

@inproceedings{AIR2015,
 author = {Ganguly, Debasis and Jones, Gareth J. F.},
 title = {An Information Retrieval Approach for Source Code Plagiarism Detection},
 booktitle = {Proceedings of the Forum for Information Retrieval Evaluation},
 series = {FIRE '14},
 year = {2015},
 pages = {39--42},
 numpages = {4},
 publisher = {ACM},
 keywords = {Field Search, Source Code Plagiarism Detection},
} 

@ARTICLE{AASCPD2012, 
    author={G. Cosma and M. Joy}, 
    journal={IEEE Transactions on Computers}, 
    title={An Approach to Source-Code Plagiarism Detection and Investigation Using Latent Semantic Analysis}, 
    year={2012}, 
    volume={61}, 
    number={3}, 
    pages={379-394}, 
    month={March},
}

@INPROCEEDINGS{BUAA2009, 
    author={H. Xiong and H. Yan and Z. Li and H. Li}, 
    booktitle={2009 International Conference on Computational Intelligence and Software Engineering}, 
    title={BUAA AntiPlagiarism: A System To Detect Plagiarism for C Source Code}, 
    year={2009},
    pages={1-5},
    month={Dec},
}

@inproceedings{ramirez2015high,
  title={High Level Features for Detecting Source Code Plagiarism across Programming Languages.},
  author={Ram{\'\i}rez-de-la-Cruz, Aar{\'o}n and Ram{\'\i}rez-de-la-Rosa, Gabriela and S{\'a}nchez-S{\'a}nchez, Christian and Jim{\'e}nez-Salazar, H{\'e}ctor and Rodr{\'\i}guez-Lucatero, Carlos and Luna-Ram{\'\i}rez, Wulfrano Arturo},
  booktitle={FIRE Workshops},
  pages={10--14},
  year={2015}
}

@Article{Ohmann2015,
    author="Ohmann, Tony
    and Rahal, Imad",
    title="Efficient clustering-based source code plagiarism detection using PIY",
    journal="Knowledge and Information Systems",
    year="2015",
    month="May",
    day="01",
    volume="43",
    number="2",
    pages="445--472"
}

@INPROCEEDINGS{ACSBPD2012, 
    author={S. Arabyarmohamady and H. Moradi and M. Asadpour}, 
    booktitle={Proceedings of 2012 International Conference on Interactive Mobile and Computer Aided Learning (IMCL)}, 
    title={A coding style-based plagiarism detection}, 
    year={2012}, 
    pages={180-186},
    month={Nov},
}

@Article{RCISCP2017,
    author="Ganguly, Debasis
    and Jones, Gareth J. F.
    and Ram{\'i}rez-de-la-Cruz, Aar{\'o}n
    and Ram{\'i}rez-de-la-Rosa, Gabriela
    and Villatoro-Tello, Esa{\'u}",
    title="Retrieving and classifying instances of source code plagiarism",
    journal="Information Retrieval Journal",
    year="2017",
    month="Sep",
    day="13"
}


@article{Fu2017WASTKAW,
  title={WASTK: A Weighted Abstract Syntax Tree Kernel Method for Source Code Plagiarism Detection},
  author={Deqiang Fu and Yanyan Xu and Haoran Yu and Boyang Yang},
  journal={Scientific Programming},
  year={2017},
  volume={2017},
  pages={7809047:1-7809047:8}
}

@InProceedings{AASTPD2015,
    author="Martins, V{\'i}tor T.
    and Henriques, Pedro Rangel
    and da Cruz, Daniela",
    title="An AST-based Tool, Spector, for Plagiarism Detection: The Approach, Functionality, and Implementation",
    booktitle="Languages, Applications and Technologies",
    year="2015",
    publisher="Springer International Publishing",
    pages="153--159"
}

@INPROCEEDINGS{AFAPLI2015, 
    author={G. Acampora and G. Cosma}, 
    booktitle={2015 IEEE International Conference on Fuzzy Systems (FUZZ-IEEE)}, 
    title={A Fuzzy-based approach to programming language independent source-code plagiarism detection}, 
    year={2015}, 
    pages={1-8},
    month={Aug}
}

@INPROCEEDINGS{ASTMLPD2013, 
    author={Li ping Zhang and Dong sheng Liu}, 
    booktitle={2013 IEEE 4th International Conference on Software Engineering and Service Science}, 
    title={AST-based multi-language plagiarism detection method}, 
    year={2013}, 
    pages={738-742}, 
    month={May},
}

@article{AAPSCDPTK2013,
 author = {Son, Jeong-Woo and Noh, Tae-Gil and Song, Hyun-Je and Park, Seong-Bae},
 title = {An Application for Plagiarized Source Code Detection Based on a Parse Tree Kernel},
 journal = {Eng. Appl. Artif. Intell.},
 issue_date = {September, 2013},
 volume = {26},
 number = {8},
 month = sep,
 year = {2013},
 issn = {0952-1976},
 pages = {1911--1918},
 numpages = {8},
 publisher = {Pergamon Press, Inc.}
} 

@INPROCEEDINGS{CPDPPD2013, 
    author={B. Muddu and A. Asadullah and V. Bhat}, 
    booktitle={2013 7th International Workshop on Software Clones (IWSC)}, 
    title={CPDP: A robust technique for plagiarism detection in source code}, 
    year={2013}, 
    pages={39-45},
    month={May},
}

% reviews

@INPROCEEDINGS{RSCAD2016, 
    author={Matija Novak}, 
    booktitle={2016 39th International Convention on Information and Communication Technology, Electronics and Microelectronics (MIPRO)}, 
    title={Review of source-code plagiarism detection in academia}, 
    year={2016}, 
    pages={796-801}, 
    month={May}
}


@inproceedings{OCPOCP2011,
  title={Overview and Comparison of Plagiarism Detection Tools},
  author={Asim M. El Tahir Ali and Hussam M. Dahwa Abdulla and V{\'a}clav Sn{\'a}sel},
  booktitle={DATESO},
  year={2011}
}

% BG

@article{TDSCP2008,
    author = {Cosma, Georgina and Joy, Mike},
    year = {2008},
    month = {06},
    pages = {195 - 200},
    title = {Towards a Definition of Source-Code Plagiarism},
    volume = {51},
    booktitle = {Education, IEEE Transactions on}
}

@article{SLWCRFM2013,
    author = {Breslow, Lori and Pritchard, David and DeBoer, Jennifer and Stump, Glenda and D. Ho, Andrew and Seaton, Daniel},
    year = {2013},
    month = {06},
    pages = {},
    title = {Studying Learning in the Worldwide Classroom: Research into edX's First MOOC},
    booktitle = {Research in Practice and Assessment}
}

@article{Dick:2002:ASC:782941.783000,
 author = {Dick, Martin and Sheard, Judy and Bareiss, Cathy and Carter, Janet and Joyce, Donald and Harding, Trevor and Laxer, Cary},
 title = {Addressing Student Cheating: Definitions and Solutions},
 journal = {SIGCSE Bull.},
 issue_date = {June 2003},
 volume = {35},
 number = {2},
 month = jun,
 year = {2002},
 issn = {0097-8418},
 pages = {172--184},
 numpages = {13},
 url = {http://doi.acm.org/10.1145/782941.783000},
 doi = {10.1145/782941.783000},
 acmid = {783000},
 publisher = {ACM},
 address = {New York, NY, USA},
} 

@ARTICLE{DPPA2008, 
    author={F. Rosales and A. Garcia and S. Rodriguez and J. L. Pedraza and R. Mendez and M. M. Nieto}, 
    journal={IEEE Transactions on Education}, 
    title={Detection of Plagiarism in Programming Assignments}, 
    year={2008}, 
    volume={51}, 
    number={2}, 
    pages={174-183}, 
    keywords={C language;computer science education;C language;computer science learning;laboratory work programming assignment;microprogramming;plagiarism detection tool;system programming;Computer architecture;Computer science;Electronic mail;Engineering management;Laboratories;Microprogramming;Plagiarism;Programming profession;Software measurement;Software tools;Computer engineering learning;mass courses management;software plagiarism detection;string similarity measurement}, 
    doi={10.1109/TE.2007.906778}, 
    ISSN={0018-9359}, 
month={May},}

@inproceedings{Pieterse2014DecodingCP,
  title={Decoding code plagiarism},
  author={Vreda Pieterse},
  year={2014}
}

@article{Faidhi:1987:EAD:27319.27321,
 author = {Faidhi, J. A. W. and Robinson, S. K.},
 title = {An Empirical Approach for Detecting Program Similarity and Plagiarism Within a University Programming Environment},
 journal = {Comput. Educ.},
 issue_date = {Jan. 1987},
 volume = {11},
 number = {1},
 month = jan,
 year = {1987},
 issn = {0360-1315},
 pages = {11--19},
 numpages = {9},
 url = {http://dx.doi.org/10.1016/0360-1315(87)90042-X},
 doi = {10.1016/0360-1315(87)90042-X},
 acmid = {27321},
 publisher = {Elsevier Science Ltd.},
 address = {Oxford, UK, UK},
} 

% algorithms

@article{SSGST1993,
    author = {Wise, Michael},
    year = {1993},
    month = {01},
    title = {String Similarity via Greedy String Tiling and Running Karp-Rabin Matching},
    booktitle = {Unpublished Basser Department of Computer Science Report}
}

@inproceedings{Flores:2014:DSC:2824864.2824878,
 author = {Flores, Enrique and Rosso, Paolo and Moreno, Lidia and Villatoro-Tello, Esa\'{u}},
 title = {On the Detection of SOurce COde Re-use},
 booktitle = {Proceedings of the Forum for Information Retrieval Evaluation},
 series = {FIRE '14},
 year = {2015},
 isbn = {978-1-4503-3755-7},
 location = {Bangalore, India},
 pages = {21--30},
 numpages = {10},
 url = {http://doi.acm.org/10.1145/2824864.2824878},
 doi = {10.1145/2824864.2824878},
 acmid = {2824878},
 publisher = {ACM},
 address = {New York, NY, USA},
 keywords = {Evaluation framework, Plagiarism detection, SOCO, Source code re-use, Test collections},
} 
